@article{Denning2013,
    author = {Denning, Tamara and Kohno, Tadayoshi and Levy, Henry M.},
    doi = {10.1145/2398356.2398377},
    file = {:Users/ejfs1g10/Dropbox/docs/University/Year4/IRP/Papers/p94-denning.pdf:pdf},
    issn = {00010782},
    journal = {Communications of the ACM},
    month = jan,
    number = {1},
    pages = {94},
    title = {{Computer security and the modern home}},
    url = {http://dl.acm.org/citation.cfm?doid=2398356.2398377},
    volume = {56},
    year = {2013}
}

@inproceedings{Kennedy2008,
address = {New York, New York, USA},
author = {Kennedy, Todd and Hunt, Ray},
booktitle = {Proceedings of the International Conference on Mobile Technology, Applications, and Systems - Mobility '08},
doi = {10.1145/1506270.1506342},
file = {:Users/ejfs1g10/Dropbox/docs/University/Year4/IRP/Papers/a56-kennedy.pdf:pdf},
isbn = {9781605580890},
keywords = {bluetooth,communication,near field,wireless personal area network,zigbee},
pages = {1},
publisher = {ACM Press},
title = {{A review of WPAN security}},
url = {http://dl.acm.org/citation.cfm?doid=2179298.2179364 http://portal.acm.org/citation.cfm?doid=1506270.1506342},
year = {2008}
}

@article{Cirani2013,
author = {Cirani, Simone and Ferrari, Gianluigi and Veltri, Luca},
doi = {10.3390/a6020197},
file = {:Users/ejfs1g10/Dropbox/docs/University/Year4/IRP/Papers/algorithms-06-00197-v2 (1).pdf:pdf},
issn = {1999-4893},
journal = {Algorithms},
keywords = {Internet of Things (IoT),internet of things,iot,lightweight cryptography,secure communication protocols,secure data aggregation,security,smart objects},
month = apr,
number = {2},
pages = {197--226},
title = {{Enforcing Security Mechanisms in the IP-Based Internet of Things: An Algorithmic Overview}},
url = {http://www.mdpi.com/1999-4893/6/2/197/},
volume = {6},
year = {2013}
}

@article{Narayanan2008,
author = {Narayanan, Arvind and Shmatikov, Vitaly},
doi = {10.1109/SP.2008.33},
file = {:Users/ejfs1g10/Dropbox/docs/University/Year4/IRP/Papers/shmat\_oak08netflix.pdf:pdf},
isbn = {978-0-7695-3168-7},
issn = {1081-6011},
journal = {2008 IEEE Symposium on Security and Privacy (sp 2008)},
month = may,
pages = {111--125},
publisher = {Ieee},
title = {{Robust De-anonymization of Large Sparse Datasets -- How to Break the Anonymity of the Netflix Prize Dataset}},
url = {http://ieeexplore.ieee.org/lpdocs/epic03/wrapper.htm?arnumber=4531148},
year = {2008}
}


@article{Palattella2013,
    author = {Palattella, Maria Rita and Accettura, Nicola and Vilajosana, Xavier and Watteyne, Thomas and Grieco, Luigi Alfredo and Boggia, Gennaro and Dohler, Mischa},
    doi = {10.1109/SURV.2012.111412.00158},
    file = {:Users/ejfs1g10/Dropbox/docs/University/Year4/IRP/Papers/06380493.pdf:pdf},
    issn = {1553-877X},
    journal = {IEEE Communications Surveys \& Tutorials},
    keywords = {802.15.4,802.15.4e,CoAP,IPv6,Internet of Things,Protocol Stack,RPL,Standards},
    month = jan,
    number = {3},
    pages = {1389--1406},
    title = {{Standardized Protocol Stack for the Internet of (Important) Things}},
    url = {http://ieeexplore.ieee.org/lpdocs/epic03/wrapper.htm?arnumber=6380493},
    volume = {15},
    year = {2013}
}

@article{Ning2013,
    abstract = {A proposed Internet of Things system architecture offers a solution to the broad array of challenges researchers face in terms of general system security, network security, and application security.},
    author = {Ning, Huansheng and Liu, Hong and Yang, Laurence T.},
    doi = {10.1109/MC.2013.74},
    file = {:Users/ejfs1g10/Dropbox/docs/University/Year4/IRP/Papers/06475947.pdf:pdf},
    issn = {0018-9162},
    journal = {Computer},
    keywords = {Internet of things,IoT,authentication,cybersecurity,security},
    month = apr,
    number = {4},
    pages = {46--53},
    title = {{Cyberentity Security in the Internet of Things}},
    url = {http://ieeexplore.ieee.org/lpdocs/epic03/wrapper.htm?arnumber=6475947},
    volume = {46},
    year = {2013}
}

@inproceedings{Elkhodr2013,
    author = {Elkhodr, Mahmoud and Shahrestani, Seyed and Cheung, Hon},
    booktitle = {IEEE 2013 Tencon - Spring},
    doi = {10.1109/TENCONSpring.2013.6584443},
    file = {:Users/ejfs1g10/Dropbox/docs/University/Year4/IRP/Papers/06584443.pdf:pdf},
    isbn = {978-1-4673-6349-5},
    keywords = {internet of things,rfid,smart objects,ubiquitous computing},
    month = apr,
    pages = {218--222},
    publisher = {IEEE},
    title = {{The Internet of Things: Vision \& challenges}},
    url = {http://ieeexplore.ieee.org/lpdocs/epic03/wrapper.htm?arnumber=6584443},
    year = {2013}
}

@article{Weber2010,
    author = {Weber, Rolf H.},
    doi = {10.1016/j.clsr.2009.11.008},
    file = {:Users/ejfs1g10/Dropbox/docs/University/Year4/IRP/Papers/1-s2.0-S0267364909001939-main.pdf:pdf},
    issn = {02673649},
    journal = {Computer Law \& Security Review},
    keywords = {Data protection,Internet of Things,Privacy,RFID,Security},
    month = jan,
    number = {1},
    pages = {23--30},
    publisher = {Elsevier Ltd},
    title = {{Internet of Things â€“ New security and privacy challenges}},
    url = {http://linkinghub.elsevier.com/retrieve/pii/S0267364909001939},
    volume = {26},
    year = {2010}
}

@inproceedings{Kritzinger2013,
    address = {London},
    author = {Kritzinger, E and von Solms, SH (Basie)},
    booktitle = {Science and Information Conference (SAI), 2013},
    file = {:Users/ejfs1g10/Dropbox/docs/University/Year4/IRP/Papers/06661760.pdf:pdf},
    keywords = {Home users,ISP,cyber awareness,cyber security,cyber threats,security-oriented,thick security-oriented,thin},
    pages = {340--345},
    title = {{Home User Security -- from Thick Security-oriented Home Users to Thin Security-oriented Home Users}},
    url = {http://ieeexplore.ieee.org/xpl/articleDetails.jsp?tp=\&arnumber=6661760},
    year = {2013}
}

@inproceedings{Brown2013,
    address = {Budapest, Hungary},
    author = {Brown, James and Bagci, Ibrahim Ethem and King, Alex and Roedig, Utz},
    booktitle = {Proceedings of the 2nd ACM workshop on Hot topics on wireless network security and privacy - HotWiSec '13},
    doi = {10.1145/2463183.2463185},
    file = {:Users/ejfs1g10/Dropbox/docs/University/Year4/IRP/Papers/p1-brown.pdf:pdf},
    isbn = {9781450320030},
    keywords = {access control,home automation,jamming},
    pages = {1},
    publisher = {ACM Press},
    title = {{Defend your home! Jamming Unsolicited Messages in the Smart Home}},
    url = {http://dl.acm.org/citation.cfm?doid=2463183.2463185},
    year = {2013}
}

@article{Butt2013,
    author = {Butt, TA and Phillips, Iain and Guan, Lin and Oikonomou, George},
    file = {:Users/ejfs1g10/Dropbox/docs/University/Year4/IRP/Papers/chp\%3A10.1007\%2F978-3-642-40316-3\_4.pdf:pdf},
    journal = {Internet of Things},
    keywords = {6lowpan,adaptive,coap,context-aware,internet of things,restful,service discovery,web of things},
    pages = {36--47},
    title = {{Adaptive and Context-aware Service Discovery for the Internet of Things}},
    url = {http://link.springer.com/chapter/10.1007/978-3-642-40316-3\_4},
    year = {2013}
}

@article{Bhimani1996,
    author = {Bhimani, Anish},
    file = {:Users/ejfs1g10/Dropbox/docs/University/Year4/IRP/Papers/p29-bhimani.pdf:pdf},
    journal = {Communications of the ACM},
    number = {6},
    pages = {29--35},
    title = {{Securing the commercial Internet}},
    url = {http://dl.acm.org/citation.cfm?id=228509},
    volume = {39},
    year = {1996}
}

@inproceedings{Sastry2004,
    address = {Philadelphia, Pennsylvania, USA},
    author = {Sastry, Naveen and Wagner, David},
    booktitle = {Proceedings of the 2004 ACM workshop on Wireless security - WiSe '04},
    doi = {10.1145/1023646.1023654},
    file = {:Users/ejfs1g10/Dropbox/docs/University/Year4/IRP/Papers/p32-sastry.pdf:pdf},
    isbn = {158113925X},
    keywords = {IEEE 802.15.4,Link Layer Security,Sensor Networks},
    pages = {32},
    publisher = {ACM Press},
    title = {{Security considerations for IEEE 802.15.4 networks}},
    url = {http://portal.acm.org/citation.cfm?doid=1023646.1023654},
    year = {2004}
}

@inproceedings{Rubertis2013,
    author = {Rubertis, Antonio De and Mainetti, Luca and Mighali, Vincenzo and Patrono, Luigi and Sergi, Ilaria and Stefanizzi, Maria Laura and Pascali, Stefano},
    booktitle = {Software, Telecommunications and Computer Networks (SoftCOM), 2013 21st International Conference on},
    file = {:Users/ejfs1g10/Dropbox/docs/University/Year4/IRP/Papers/06671893.pdf:pdf},
    keywords = {Contiki RTOS,DTLS,IPSec,IoT,Performance evaluation,Security,Test bed,WSN},
    pages = {1--6},
    title = {{Performance Evaluation of end-to-end security protocols in an Internet of Things}},
    url = {http://ieeexplore.ieee.org/xpls/abs\_all.jsp?arnumber=6671893},
    year = {2013}
}

@inproceedings{Meca2013,
    author = {Meca, Francisco Vidal and Ziegeldorf, Jan Henrik and Sanchez, Pedro Moreno and Morchon, Oscar Garcia and Kumar, Sandeep S. and Keoh, Sye Loong},
    booktitle = {2013 27th International Conference on Advanced Information Networking and Applications Workshops},
    doi = {10.1109/WAINA.2013.158},
    file = {:Users/ejfs1g10/Dropbox/docs/University/Year4/IRP/Papers/06550580.pdf:pdf},
    isbn = {978-1-4673-6239-9},
    keywords = {Internet of Things,Key management,Network Access,Security},
    month = mar,
    pages = {1331--1336},
    publisher = {IEEE},
    title = {{HIP Security Architecture for the IP-Based Internet of Things}},
    url = {http://ieeexplore.ieee.org/lpdocs/epic03/wrapper.htm?arnumber=6550580},
    year = {2013}
}

@article{AlFardan2012,
    author = {AlFardan, NJ and Paterson, KG},
    file = {:Users/ejfs1g10/Dropbox/docs/University/Year4/IRP/Papers/dtls.pdf:pdf},
    journal = {Network and Distributed System \ldots},
    keywords = {CBC-mode encryption,DTLS,GnuTLS,OpenSSL,TLS,attack,padding oracle,timing},
    title = {{Plaintext-recovery attacks against datagram TLS}},
    url = {http://www.internetsociety.org/sites/default/files/P01\_1.pdf},
    year = {2012}
}

@misc{Cerf1993,
    author = {Cerf, Vinton and Aboba, Bernard},
    booktitle = {The On-line User's Encyclopedia},
    file = {:Users/ejfs1g10/Dropbox/docs/University/Year4/IRP/Papers/Session-1-How-the-Internet-Came-to-Be-Vinton-Cerf.pdf:pdf},
    isbn = {0201622149},
    number = {C},
    publisher = {Addison-Wesley},
    title = {{How the Internet came to be}},
    url = {http://fromm.robertkeahey.com/wp-content/uploads/2013/07/Session-1-How-the-Internet-Came-to-Be-Vinton-Cerf.pdf},
    year = {1993}
}

@article{Zanella2014,
    author = {Zanella, Andrea and Bui, Nicola and Castellani, Angelo and Vangelista, Lorenzo and Zorzi, Michele},
    doi = {10.1109/JIOT.2014.2306328},
    file = {:Users/ejfs1g10/Dropbox/docs/University/Year4/IRP/Papers/Smart\_Cities.pdf:pdf},
    issn = {2327-4662},
    journal = {IEEE Internet of Things Journal},
    keywords = {6lowPAN,CoAP,EXI,Network Architecture,Sensor System Integration,Service Functions and Management,Smart Cities,Test-bed and Trials},
    number = {c},
    pages = {1--11},
    title = {{Internet of Things for Smart Cities}},
    url = {http://ieeexplore.ieee.org/lpdocs/epic03/wrapper.htm?arnumber=6740844},
    volume = {4662},
    year = {2014}
}

@misc{Cheshire2013,
      author="S. Cheshire and M. Krochmal",
      title="{Multicast DNS}",
      series="Request for Comments",
      number="6762",
      howpublished="RFC 6762 (Proposed Standard)",
      publisher="IETF",
      organization="Internet Engineering Task Force",
      year=2013,
      month=feb,
      url="http://www.ietf.org/rfc/rfc6762.txt",
}

@misc{Tsao2014, 
    author=" T. Tsao and R. Alexander and M. Dohler and V. Daza and A. Lozano and M. Richardson",
    title="{A Security Threat Analysis for Routing Protocol for Low-power and lossy networks (RPL)}",
    series="Internet Draft",
    howpublished="draft-ietf-roll-security-threats-06",
    publisher="IETF",
    organization="Internet Engineering Task Force",
    year=2013,
    month=dec,
    url="http://www.ietf.org/id/draft-ietf-roll-security-threats-06.txt",
}

@inproceedings{Fluhrer2001,
     author = {Fluhrer, Scott R. and Mantin, Itsik and Shamir, Adi},
     title = {Weaknesses in the Key Scheduling Algorithm of RC4},
     booktitle = {Revised Papers from the 8th Annual International Workshop on Selected Areas in Cryptography},
     series = {SAC '01},
     year = {2001},
     isbn = {3-540-43066-0},
     pages = {1--24},
     numpages = {24},
     url = {http://dl.acm.org/citation.cfm?id=646557.694759},
     acmid = {694759},
     publisher = {Springer-Verlag},
     address = {London, UK, UK},
}   

@article{Viehbock2011,
  title={Brute Forcing Wi-fi Protected Setup},
  author={Viehb{\"o}ck, Stefan},
  journal={URL:< http://sviehb. files. wordpress. com/2011/12/viehboeck\_wps. pdf},
  year={2011}
}

@manual{MacConfig,
    title        = "Mac OS X: Security Configuration (For Mac OS X Version 10.6 Snow Leopard)",
    organization = "Apple inc. ",
    year         = "2010"
}

@manual{NSAMacHardening,
      title        = "Hardening Tips for Mac OS X 10.6 {"}Snow Leopard{"}",
      organization = "National Security Agency",
      month        = "March ",
      year         = "2010"
}

@manual{ITU_IoT,
  added-at = {2009-12-11T15:53:22.000+0100},
  organization = {International Telecommunication Union},
  biburl = {http://www.bibsonomy.org/bibtex/29c9205c727cd9578cef6c46d4f6afdbf/andrea.zanda},
  interhash = {37ab12e5e438515a77281411be987acb},
  intrahash = {9c9205c727cd9578cef6c46d4f6afdbf},
  keywords = {intelligent_systems},
  timestamp = {2009-12-11T15:53:22.000+0100},
  title = "ITU Internet Report 2005: The Internet of Things",
  year = 2005
}

@article{Kortuem2013,
author = {Kortuem, Gerd and Bandara, Arosha K. and Smith, Neil and Richards, Mike and Petre, Marian},
doi = {10.1109/MC.2012.390},
file = {:Users/ejfs1g10/Dropbox/docs/University/Year4/IRP/Papers/06357164.pdf:pdf},
issn = {0018-9162},
journal = {Computer},
month = feb,
number = {2},
pages = {53--61},
title = {{Educating the Internet-of-Things Generation}},
url = {http://ieeexplore.ieee.org/lpdocs/epic03/wrapper.htm?arnumber=6357164},
volume = {46},
year = {2013}
}



@inproceedings{Illera2014,
    author    = "Alberto Garcia Illera and Javier Vazquez Vidal",
    title     = "Dude WTF in My Car?",
    booktitle = "Def Con 21",
    year      = "2013"
}

@inproceedings{Flexilis2006,
    author    = "Kevin Mahaffey",
    organization = "Flexilis",
    title     = "United States e-Passport Shield Failure Vulnerability",
    booktitle = "Blackhat USA",
    year      = "2006"
}




@article{ThereMustBeA, 
address = {New York, New York, USA},
author = {Wang, Ju An and Wang, Hao and Guo, Minzhe and Xia, Min},
doi = {10.1145/1566445.1566509},
file = {:Users/ejfs1g10/Dropbox/docs/University/Year4/IRP/Papers/a47-wang.pdf:pdf},
isbn = {9781605584218},
journal = {Proceedings of the 47th Annual Southeast Regional Conference on - ACM-SE 47},
keywords = {security metrics,software quality,software vulnerabilities},
pages = {1},
publisher = {ACM Press},
title = {{Security metrics for software systems}},
url = {http://portal.acm.org/citation.cfm?doid=1566445.1566509},
year = {2009}
}

@techreport{BTSpec,
  added-at = {2008-07-15T18:56:48.000+0200},
  author = "Bluetooth SIG",
  biburl = {http://www.bibsonomy.org/bibtex/28c898a64560a2a99e80111d2ba47cb30/phbaer},
  interhash = {2b89592d4cdb8e2016305dc7de3585be},
  intrahash = {8c898a64560a2a99e80111d2ba47cb30},
  keywords = {bluetooth specification},
  institution = "Bluetooth SIG",
  month = {dec},
  timestamp = {2008-07-15T18:56:48.000+0200},
  title = "Core Specification of the Bluetooth System v4.1",
  year = 2013
}

@misc{Guardian2013,
    title="A Guardian Guide to Your Metadata",
    author="Guardian US Interactive Team",
    howpublished="Available at: \url{http://www.theguardian.com/technology/interactive/2013/jun/12/what-is-metadata-nsa-surveillance#meta=0000000}",
    note = "[Accessed 6th May 2014]",
    year = 2013
}

@misc{embedded,
    title="UDP and the embedded wireless Internet of Things",
    author={Bernard Cole},
    howpublished="Available at: \url{http://www.embedded.com/electronics-blogs/cole-bin/4229531/UDP---the-embedded-wireless--Internet-of-Things-}",
    note = "[Accessed 6th May 2014]",
    year = 2011
}

@misc{Potaroo,
    title="IPv4 Address Report",
    author={Geoff Huston},
    howpublished="http://www.potaroo.net/tools/ipv4/",
    note = "[Accessed 6th May 2014]"
}

@misc{Engadget2011,
    title="iPhone 4S claims title of first Bluetooth 4.0 smartphone, ready to stream data from your cat",
    author={Terrence O'Brien},
    howpublished="http://www.engadget.com/2011/10/12/iphone-4s-claims-title-of-first-bluetooth-4-0-smartphone-ready/",
    year = 2011,
    note = "[Accessed 6th May 2014]"
}

@techreport{Facebook2013,
  author = "Scott Renfro",
  institution = "Facebook",
  month = {july},
  title = "Secure Browsing by Default",
  year = 2013
}

@misc{ProofPoint2014,
    title="Proofpoint Uncovers Internet of Things (IoT) Cyberattack",
    author="Proofpoint, Inc.",
    howpublished="http://www.proofpoint.com/about-us/press-releases/01162014.php",
    year = 2014,
    note = "[Accessed 6th May 2014]"
}

@misc{McAfee2011,
    title="7 Types of Hacker Motivations",
    author="McAfee, Inc.",
    howpublished="http://blogs.mcafee.com/consumer/family-safety/7-types-of-hacker-motivations",
    year = 2011,
    note = "[Accessed 6th May 2014]"
}


@misc{CloudFlare2014,
    title="The Results of the CloudFlare Challenge",
    author="Nick Sullivan",
    howpublished="http://blog.cloudflare.com/the-results-of-the-cloudflare-challenge",
    year = 2014,
    note = "[Accessed 7th May 2014]"
}

@misc{Ashton2009,
    title="That 'Internet of Things' Thing",
    author="Kevin Ashton",
    howpublished="Available at: \url{http://www.rfidjournal.com/articles/view?4986}",
    note = "[Accessed 6th May 2014]",
    year = 2009
}

@misc{Gartner2014,
    title="Gartner Says the Internet of Things Will Transform the Data Center",
    author="Janessa Rivera and Rob van der Meulen",
    howpublished="Available at: \url{http://www.gartner.com/newsroom/id/2684915}",
    note = "[Accessed 6th May 2014]"
}

